@book{aastrom2006advanced,
  title={Advanced PID control},
  author={{\AA}str{\"o}m, Karl Johan and H{\"a}gglund, Tore},
  year={2006},
  publisher={ISA-The Instrumentation, Systems and Automation Society}
}